@article{chattopadhyay,
  title={A predator-prey model with disease in the prey},
  author={Chattopadhyay, Joydev and Arino, Ovide},
  journal={Nonlinear analysis},
  volume={36},
  pages={747--766},
  year={1999},
  publisher={Elsevier Science}
}

@article{rahman,
  title={A predator-prey model with disease in prey},
  author={Rahman, Md Sabiar and Chakravarty, Santabrata},
  journal={Nonlinear Analysis: Modelling and Control},
  volume={18},
  number={2},
  pages={191--209},
  year={2013}
}

@article{pada,
  title={A mathematical study of a predator-prey dynamics with disease in predator},
  author={pada Das, Krishna and others},
  journal={ISRN Applied mathematics},
  year={2011},
  publisher={Hindawi}
}